@article{extensible,
  title={Extensible Type-Directing Editing},
  author={Joomy Korkut and David Thrane Christiansen},
  booktitle={The 3rd ACM SIGPLAN International Workshop on Type-Driven Development},
  year={2018}
}
